@article{anleitung425,
        title = {P425 Elektronisches Rauschen},
        author = {Praktikumsleitung},
        year = {2016},
        journal = {Universit√§t Bonn}
}
@misc{codataBoltzmann,
        title = {CODATA Boltzmann Konstante},
        howpublished = {\url{https://physics.nist.gov/cgi-bin/cuu/Value?k}},
        year = {2022}
}
