@article{anleitung402,
        title = {P402 Quantelung von Energie},
        author = {Praktikumsleitung},
        year = {2016},
        journal = {Universit채t Bonn}
}
@misc{WikipediaSerien,
        title = {Lyman--Serie},
        howpublished = {\url{https://de.wikipedia.org/wiki/Lyman-Serie}},
        note = {Letzter Zugriff: 2024-11-24}
}
@misc{WikipediaBlazegitter,
        title = {Blazegitter},
        howpublished = {\url{https://de.wikipedia.org/wiki/Blazegitter}},
        note = {Letzter Zugriff: 2024-11-24}
}
@article{LeyboldBalmerserieBeobachtung,
        title = {Beobachtung der Aufspaltung der Balmerlinie an deuteriertem Wasserstoff (Isotopieaufspaltung)},
        author = {Leybold Didactic},
        journal = {Atom-- und Kernphysik: Handbl채tter Physik},
        note = {P6.2.1.3 (a)}
}
@article{LeyboldBalmerserieUntersuchung,
        title = {Untersuchung der Aufspaltung der Balmerlinie an deuteriertem Wasserstoff (Isotopieaufspaltung)},
        author = {Leybold Didactic},
        journal = {Atom-- und Kernphysik: Handbl채tter Physik},
        note = {P6.2.1.3 (b)}
}
@article{LeyboldPhotoeffekt,
        title = {Untersuchung des Spektrums der Quecksilber--Hochdrucklampe},
        author = {Leybold Didactic},
        journal = {Atom-- und Kernphysik: Handbl채tter Physik},
        note = {P6.2.2.3}
}
@misc{SpektrumPhysik,
        title = {Spektrum Physik},
        journal = {Spektrum Akademischer Verlag, Heidelberg},
        howpublished = {\url{https://www.spektrum.de/lexikon/physik/austrittsarbeit/1067}},
        year = {1998},
        note = {Letzter Zugriff: 2024-11-27}
}
@misc{CODATA,
        title = {The NIST Reference on Constants, Units, and Uncertainty},
        howpublished = {\url{https://physics.nist.gov/cuu/Constants/Citations/Search.html}},
        note = {Letzter Zugriff: 2024-11-27}
}
