@manual{TeachSpin,
    title = {Pulsed/CW MNR Spectrometer},
    author = {TeachSpin},
    organization = {TeachSpin},
}
