@article{anleitung422,
        title = {P422 Rastertunnelmikroskop},
        author = {Praktikumsleitung},
        year = {2016},
        journal = {Universit√§t Bonn}
}
@misc{nanosurf,
  title = {Nanosurf},
  howpublished = {\url{www.nanosurf.com/en/products/naiostm}},
  note = {Letzter Zugriff: 2025-01-05}
}
