@article{anleitung464,
        title = {P464 Spektroskopie von Sternen},
        author = {Praktikumsleitung},
        year = {2016},
        journal = {Universit√§t Bonn}
}
